
@article{r1,
  title={Guided deep reinforcement learning for swarm systems},
  author={Maximilian Hüttenrauch and Adrian Šošić and Gerhard Neumann},
  journal={arXiv preprint arXiv:1709.06011},
  year={2017}
}

@article{r2,
  title={An overview of recent progress in the study of distributed multi-agent coordination},
  author={Yongcan Cao and Wenwu Yu and Wei Ren and Guanrong Chen},
  journal={IEEE Transactions on Industrial informatics},
  volume={9},
  number={1},
  pages={427--438},
  year={2012}
}

@article{r3,
  title={Optimal and approximate q-value functions for decentralized POMDPs},
  author={Frans A Oliehoek and Matthijs TJ Spaan and Nikos Vlassis},
  journal={Journal of Artificial Intelligence Research},
  volume={32},
  pages={289--353},
  year={2008}
}

@article{r4,
  title={Qtran: Learning to factorize with transformation for cooperative multi-agent reinforcement learning},
  author={Kyunghwan Son and Daewoo Kim and Wan Ju Kang and David Earl Hostallero and Yung Yi},
  journal={arXiv preprint arXiv:1905.05408},
  year={2019}
}

@article{r5,
  title={Value decomposition networks for cooperative multi-agent learning},
  author={Peter Sunehag and Guy Lever and Audrunas Gruslys and Wojciech Marian Czarnecki and Vinicius Zambaldi and Max Jaderberg and Marc Lanctot and Nicolas Sonnerat and Joel Z Leibo and Karl Tuyls},
  journal={arXiv preprint arXiv:1706.05296},
  year={2017}
}

@article{r6,
  title={Qmix: Monotonic value function factorisation for deep multi-agent reinforcement learning},
  author={Tabish Rashid and Mikayel Samvelyan and Christian Schroeder De Witt and Gregory Farquhar and Jakob Foerster and Shimon Whiteson},
  journal={arXiv preprint arXiv:1803.11485},
  year={2018}
}

@article{r7,
  title={Qatten: A general framework for cooperative multiagent reinforcement learning},
  author={Yaodong Yang and Jianye Hao and Ben Liao and Kun Shao and Guangyong Chen and Wulong Liu and Hongyao Tang},
  journal={arXiv preprint arXiv:2002.03939},
  year={2020}
}

@inproceedings{r8,
  title={Deep coordination graphs},
  author={Wendelin B{\"o}hmer and Vitaly Kurin and Shimon Whiteson},
  booktitle={International Conference on Machine Learning},
  pages={980--991},
  year={2020},
  organization={PMLR}
}

@ARTICLE{r9,
  author={Panait, Liviu and Luke, Sean and Wiegand, R. Paul},
  journal={IEEE Transactions on Evolutionary Computation}, 
  title={Biasing Coevolutionary Search for Optimal Multiagent Behaviors}, 
  year={2006},
  volume={10},
  number={6},
  pages={629-645},
  keywords={Collaboration;Pathology;Robustness;Evolutionary computation;Engineering education;Computer science;Laboratories;Algorithm design and analysis;Biased coevolution;coevolution;cooperative coevolution;multiagent learning;multipopulation symmetric coevolution;optimal collaboration},
  doi={10.1109/TEVC.2006.880330}}


@inproceedings{r10,
  title={On minmax theorems for multiplayer games},
  author={Yang Cai and Constantinos Daskalakis},
  booktitle={Proceedings of the twenty-second annual ACM-SIAM symposium on Discrete algorithms},
  pages={217--234},
  year={2011},
  organization={SIAM}
}
