@book{meeus1991astronomical,
  title        = {Astronomical Algorithms},
  author       = {Jean Meeus},
  year         = {1991},
  publisher    = {Willmann-Bell, Inc},
  address      = {Richmond, Virginia},
}
